@book{iverson_programming_1962,
	title = {A programming language},
	isbn = {978-0-471-43014-8},
	language = {English},
	author = {Iverson, Kenneth E},
	year = {1962},
	note = {OCLC: 523128}
}

@misc{latexTableGenerator,
	author = {TablesGenerator.com},
	title = {Create {LaTeX} tables online – {TablesGenerator}.com},
	note = {https://www.tablesgenerator.com/},
	urldate = {2020-04-29},
}

@misc{mannionBubbleSort,
author = {Dr. Patrick Mannion},
	title         = {Lecture Notes in Computational Thinking and Algorithms},
	month         = {April},
	year          = {2020},
	note={Galway-Mayo Institute of Technology}
}

@article{forsythe_algorithms_1964,
	title = {Algorithms},
	volume = {7},
	issn = {00010782},
	url = {http://portal.acm.org/citation.cfm?doid=512274.512284},
	doi = {10.1145/512274.512284},
	number = {6},
	urldate = {2020-04-29},
	journal = {Communications of the ACM},
	author = {Forsythe, G. E.},
	month = jun,
	year = {1964}
}

@article{floyd_algorithm_1962,
	title = {Algorithm 113: {Treesort}},
	volume = {5},
	issn = {00010782},
	shorttitle = {Algorithm 113},
	url = {http://portal.acm.org/citation.cfm?doid=368637.368654},
	doi = {10.1145/368637.368654},
	number = {8},
	urldate = {2020-04-29},
	journal = {Communications of the ACM},
	author = {Floyd, Robert W.},
	month = aug,
	year = {1962},
	pages = {434}
}

@article{hoare_algorithm_1961,
	title = {Algorithm 64: {Quicksort}},
	volume = {4},
	issn = {00010782},
	shorttitle = {Algorithm 64},
	url = {http://portal.acm.org/citation.cfm?doid=366622.366644},
	doi = {10.1145/366622.366644},
	number = {7},
	urldate = {2020-04-29},
	journal = {Communications of the ACM},
	author = {Hoare, C. A. R.},
	month = jul,
	year = {1961},
	pages = {321}
}

@misc{quickSort1,
	title = {Quicksort in {Java} - {Tutorial}},
	note = {https://www.vogella.com/tutorials/JavaAlgorithmsQuicksort/article.html},
	urldate = {2020-04-30},
	file = {Quicksort in Java - Tutorial:/home/ksomers/Zotero/storage/QDDXVPDJ/article.html:text/html}
}

@misc{quickSort2,
	title = {Implement quick sort in java. - {Java} sorting algorithm programs},
	note = {https://www.java2novice.com/java-sorting-algorithms/quick-sort/},
	urldate = {2020-04-30},
	file = {Implement quick sort in java. - Java sorting algorithm programs:/home/ksomers/Zotero/storage/EP4DS5Z3/quick-sort.html:text/html}
}

@misc{quickSort3,
	title = {{QUICKSORT} ({Java}, {C}++) {\textbar} {Algorithms} and {Data} {Structures}},
	note = {http://www.algolist.net/Algorithms/Sorting/Quicksort},
	urldate = {2020-04-30},
	file = {QUICKSORT (Java, C++) | Algorithms and Data Structures:/home/ksomers/Zotero/storage/ZEDB9883/Quicksort.html:text/html}
}

@article{bentley_general_1980,
	title = {A general method for solving divide-and-conquer recurrences},
	volume = {12},
	issn = {0163-5700},
	url = {https://dl.acm.org/doi/10.1145/1008861.1008865},
	doi = {10.1145/1008861.1008865},
	language = {en},
	number = {3},
	urldate = {2020-04-30},
	journal = {ACM SIGACT News},
	author = {Bentley, Jon Louis and Haken, Dorothea and Saxe, James B.},
	month = sep,
	year = {1980},
	pages = {36--44}
}

@book{seward1954information,
  title={Information Sorting in the Application of Electronic Digital Computers to Business Operations},
  author={Seward, H.H.},
  series={M.I.T. Digital Computer Laboratory},
  url={https://books.google.ie/books?id=zMfiPQAACAAJ},
  year={1954},
  publisher={M.I.T. Digital Computer Laboratory}
}

@book{heineman_algorithms_2009,
	address = {Beijing ; Sebastopol [Calif.]},
	title = {Algorithms in a nutshell},
	isbn = {978-0-596-51624-6},
	publisher = {O'Reilly},
	author = {Heineman, George T. and Selkow, Stanley and Pollice, Gary},
	year = {2009},
	note = {OCLC: ocn291100353},
	keywords = {Computer algorithms},
	annote = {Includes index "A desktop quick reference"--Cover}
}

@article{goldstine1947planning,
  title={Planning and coding of problems for an electronic computing instrument, Part II, Volume II},
  author={Goldstine, Herman Heine and Von Neumann, John},
  year={1948},
  publisher={Institute for Advanced Study Princeton, NJ}
}

 
@misc{mergeSortEducative,
	author = {Educative, Inc},
	title = {How to implement a merge sort in {Java}},
	url = {https://www.educative.io/edpresso/how-to-implement-a-merge-sort-in-java},
	abstract = {How to implement a merge sort in Java},
	language = {en},
	urldate = {2020-05-01},
	journal = {Educative: Interactive Courses for Software Developers},
	note = {Library Catalog: www.educative.io},
	file = {Snapshot:/home/ksomers/Zotero/storage/MQXBD4Q2/how-to-implement-a-merge-sort-in-java.html:text/html}
}  


@misc{lucidchart,
	author = {LUcid Software Inc.},
	title = {Lucidchart.com},
	url = {https://www.lucidchart.com/},
	urldate = {2020-05-01},
	file = {Documents:/home/ksomers/Zotero/storage/VVHQA5IK/documents.html:text/html}
}


@misc{bhageshpur_council_nodate,
	title = {Council {Post}: {Data} {Is} {The} {New} {Oil} -- {And} {That}'s {A} {Good} {Thing}},
	shorttitle = {Council {Post}},
	note = {https://www.forbes.com/sites/forbestechcouncil/2019/11/15/data-is-the-new-oil-and-thats-a-good-thing/},
	abstract = {We must manage the dark side of data, but the advances in data fuels are worth the effort.},
	language = {en},
	urldate = {2020-05-02},
	journal = {Forbes},
	author = {Bhageshpur, Kiran},

	file = {Snapshot:/home/ksomers/Zotero/storage/MGMVQ8CU/data-is-the-new-oil-and-thats-a-good-thing.html:text/html}
}


@misc{economist,
	title = {The world’s most valuable resource is no longer oil, but data},
	issn = {0013-0613},
	note = {https://www.economist.com/leaders/2017/05/06/the-worlds-most-valuable-resource-is-no-longer-oil-but-data},
	abstract = {The data economy demands a new approach to antitrust rules},
	urldate = {2020-05-02},
	journal = {The Economist},
	file = {The Economist Snapshot:/home/ksomers/Zotero/storage/X6HBASL2/the-worlds-most-valuable-resource-is-no-longer-oil-but-data.html:text/html}
}


@book{schwab_fourth_2016,
	address = {New York},
	edition = {First U.S. edition},
	title = {The fourth industrial revolution},
	isbn = {978-1-5247-5886-8},
	publisher = {Crown Business},
	author = {Schwab, Klaus},
	year = {2016},
	keywords = {Economic aspects, Social aspects, Technological innovations, Technology and civilization}
}


@book{bachmann_analytische_1894,
	title = {Die analytische {Zahlentheorie}. {Dargestellt} von {Paul} {Bachmann}},
	url = {http://archive.org/details/dieanalytischeza00bachuoft},
	abstract = {14},
	language = {ger},
	urldate = {2020-05-02},
	publisher = {Leipzig B.G. Teubner},
	author = {Bachmann, Paul Gustav Heinrich},
	collaborator = {{Gerstein - University of Toronto}},
	year = {1894},
	keywords = {Forms, Quadratic}
}

@book{landau_handbuch_1909,
	title = {Handbuch der {Lehre} von der {Verteilung} der {Primzahlen}},
	url = {http://archive.org/details/handbuchderlehre01landuoft},
	abstract = {14},
	language = {ger},
	urldate = {2020-05-02},
	publisher = {Leipzig B.G. Teubner},
	author = {Landau, Edmund},
	collaborator = {{Gerstein - University of Toronto}},
	year = {1909},
	keywords = {Numbers, Prime}
}


@misc{counting_sort1,
	title = {Counting sort},
	note = {www.growingwiththeweb.com/2014/05/counting-sort.html},
	abstract = {Counting sort is a distribution sort that achieves linear time complexity given some trade-offs and provided some requirements are met.},
	language = {en-AU},
	urldate = {2020-05-02},
	journal = {Growing with the Web},
	month = may,
	year = {2014},
	url = {Library Catalog: www.growingwiththeweb.com},
	file = {Snapshot:/home/ksomers/Zotero/storage/SWCYPKKR/counting-sort.html:text/html}
}

@misc{counting_sort2,
	title = {Implement {Counting} {Sort} using {Java} + {Performance} {Analysis} {\textbar} {JavaInUse}},
	note = {https://www.javainuse.com/java/countingsort},
	language = {en},
	urldate = {2020-05-02},
	url = {Library Catalog: www.javainuse.com},
	file = {Snapshot:/home/ksomers/Zotero/storage/UH5WTEY7/countingsort.html:text/html}
} 


@misc{selection_sort,
	title = {Selection {Sort} in {Java} - {Javatpoint}},
	note = {https://www.javatpoint.com/selection-sort-in-java},
	abstract = {Selection Sort in Java with examples of fibonacci series, armstrong number, prime number, palindrome number, factorial number, bubble sort, selection sort, insertion sort, swapping numbers etc.},
	language = {en},
	urldate = {2020-05-02},
	journal = {www.javatpoint.com},
	url = {Library Catalog: www.javatpoint.com},
	file = {Snapshot:/home/ksomers/Zotero/storage/KNTJZ4XJ/selection-sort-in-java.html:text/html}
}


@misc{tpu,
	title = {Google supercharges machine learning tasks with {TPU} custom chip},
	note = {https://cloud.google.com/blog/products/gcp/google-supercharges-machine-learning-tasks-with-custom-chip/},
	abstract = {Editor's Update June 27, 2017: We recently announced Cloud TPUs.Machine learning provides the underlying oomph to many of Google’s most-loved applications.},
	language = {en},
	urldate = {2020-05-02},
	journal = {Google Cloud Blog},
	url = {Library Catalog: cloud.google.com},
	file = {Snapshot:/home/ksomers/Zotero/storage/27QLIRXE/google-supercharges-machine-learning-tasks-with-custom-chip.html:text/html}
}


@misc{aurora,
	title = {Aurora {Supercomputer: Accelerating the convergence of high performance computing (HPC) and AI at Exascale.}},
	note = {https://www.intel.com/content/www/us/en/high-performance-computing/supercomputing/exascale-computing.html},
	abstract = {Accelerating the convergence of high performance computing (HPC) and AI at Exascale.},
	language = {en},
	urldate = {2020-05-02},
	journal = {Intel},
	url = {Library Catalog: www.intel.com},
	file = {Snapshot:/home/ksomers/Zotero/storage/93RSL4TI/exascale-computing.html:text/html}
}


@misc{ibm,
	title = {{IBM} unveils its first commercial quantum computer},
	note = {https://www.newscientist.com/article/2189909-ibm-unveils-its-first-commercial-quantum-computer/},
	abstract = {IBM's sleek-looking Q System One is its first commercial quantum computer. It will be available for clients to access over the internet},
	language = {en-US},
	urldate = {2020-05-02},
	journal = {New Scientist},
	author = {Aron, Jacob},
	url = {Library Catalog: www.newscientist.com},
	file = {Snapshot:/home/ksomers/Zotero/storage/6RN8DSI8/2189909-ibm-unveils-its-first-commercial-quantum-computer.html:text/html}
}


@book{harel_algorithmics_2004,
	address = {Harlow, Essex, England ; New York},
	edition = {3rd ed},
	title = {Algorithmics: the spirit of computing},
	isbn = {978-0-321-11784-7},
	shorttitle = {Algorithmics},
	publisher = {Addison Wesley : Pearson Education},
	author = {Harel, David and Feldman, Yishai A.},
	year = {2004},
	keywords = {Computer algorithms}
}

@misc{stack,
	title = {Stack {Overflow} - {Where} {Developers} {Learn}, {Share}, \& {Build} {Careers}},
	note = {https://stackoverflow.com/},
	abstract = {Stack Overflow is the largest, most trusted online community for developers to learn, share​ ​their programming ​knowledge, and build their careers.},
	urldate = {2020-05-03},
	journal = {Stack Overflow},
	url = {Library Catalog: stackoverflow.com},
	file = {Snapshot:/home/ksomers/Zotero/storage/27JUUKIM/stackoverflow.com.html:text/html}
}

@misc{wiki,
	title = {{Wikipedia} {Main} {Page}},
	copyright = {Creative Commons Attribution-ShareAlike License},
	note = {https://en.wikipedia.org},
	language = {en},
	urldate = {2020-05-03},
	journal = {Wikipedia, the free encyclopedia},
	month = apr,
	year = {2020},
	url = {Page Version ID: 951809097},
	file = {Snapshot:/home/ksomers/Zotero/storage/XXDTIZND/index.html:text/html}
}